2759 4509
147 512 211 559 nen
237 496 365 560 omnine
388 502 544 575 semanim·
564 498 739 582 ingenium,
772 516 882 565 venam
904 505 942 567 ai
963 504 1044 567 aiies
1065 520 1101 567 se
1122 520 1206 568 cem·

145 618 254 691 ponat.
308 610 390 677 Sunt
421 610 521 685 igitur
550 604 723 670 ἕκΙακταοί
751 624 831 685 ques
853 611 917 675 iam
951 611 1026 675 dicii
1044 609 1205 689 Diogenes

146 708 349 801 Laenius).
391 718 462 783 linc
483 716 680 780 referendum
696 720 746 779 est
760 717 942 783 Aristotelis
954 721 1117 802 indicium,
1141 734 1203 799 qua

147 830 385 905 ambiguitatem
421 824 617 903 Empedoclis
644 825 801 902 vituperat
841 826 936 891 iihei.
976 826 1046 911 ΙΙΙ,
1078 828 1098 893 5
1126 845 1200 907 pag.

146 934 245 1017 1407,
265 936 308 1021 A,
331 932 434 1019 31²):
465 935 587 1017 τρίτον,
614 929 660 1013 μή
694 927 904 1026 ἀμφιβόλοις·
932 937 1038 1000 ταῦτα
1068 936 1124 1018 δέ,
1158 935 1202 1002 ἄν

144 1042 190 1126 μή
210 1041 372 1108 τάναντία
392 1043 597 1127 προαιρῆται.
619 1039 700 1121 ὅπερ
720 1042 884 1123 ποιοῦσιν,
905 1042 986 1108 ὅταν
1009 1048 1119 1129 μηθὲν
1139 1050 1201 1127 μὲν
1244 1106 1249 1118 ,

38 1184 41 1189 ·
144 1151 241 1232 ἔχωσι
260 1152 374 1235 λέγειν,
395 1150 642 1233 προσποιῶνται
662 1148 700 1211 δέ
719 1173 752 1211 τι
771 1148 890 1230 λέγειν·
919 1149 952 1215 οἱ
976 1151 1037 1236 γαρ
1058 1154 1200 1218 τοιοῦτοι

143 1258 180 1324 ἓν
207 1258 339 1340 ποιήσει
367 1261 495 1339 λέγουσι
523 1258 639 1337 ταῦτα,
674 1248 745 1320 οἷον
769 1253 1002 1343 Ἐμπεδοκλῆς·
1034 1262 1200 1345 φενακίζει

143 1365 204 1451 γαρ
225 1366 263 1432 τὸ
292 1366 397 1454 κύκλῳ
429 1366 513 1457 melici
539 1364 586 1429 ὄν.
639 1364 729 1447 Quae
757 1366 933 1430 obscuritas
961 1369 1022 1430 etsi
1049 1366 1199 1432 Lucretio

47 1476 50 1481 ’
143 1492 207 1540 non
231 1478 338 1540 nocem
363 1478 437 1565 iure¹
462 1475 712 1555 minuipoeest,
742 1475 824 1536 haud
846 1490 920 1537 nare
940 1480 1043 1539 tamen
1064 1477 1198 1541 alierum

127 1586 247 1662 potins
271 1600 362 1663 quam
394 1598 452 1646 sue
486 1584 586 1645 uiiim
616 1583 743 1665 iudicio,
766 1582 861 1645 immo
885 1588 917 1645 et
937 1585 1113 1661 complures
1135 1598 1197 1649 una

107 1719 114 1729 ·
140 1690 234 1756 aiicr‘t
248 1693 426 1773 opiniones,
447 1706 578 1768 quarum
598 1692 751 1753 deiectum
769 1691 935 1753 adhibeant
952 1692 1100 1774 iccicnes,
1116 1694 1195 1755 aiias

140 1802 266 1865 nonnisi
290 1802 404 1883 reiicit,
427 1798 543 1863 nuliam
566 1800 604 1861 ie
624 1814 682 1863 suc
705 1800 840 1862 suadens
863 1800 1004 1879 ingenio,
1025 1802 1107 1879 qumi
1128 1802 1196 1879 ipsc

139 1908 200 1971 sibi
222 1910 319 1973 sumit
339 1906 437 1972 Lucr.
461 1905 520 1989 Vl,
543 1904 621 1972 703.
644 1906 685 1970 i:

205 2014 317 2102 „Sunt
335 2018 454 2095 aliquot
474 2030 598 2094 qunque
619 2030 673 2079 res
693 2030 824 2093 quaeum
844 2030 937 2079 unam
954 2017 1196 2080 dioecesaneam

203 2128 367 2189 nonsatis
390 2129 452 2204 esi,
473 2138 583 2187 verum
608 2123 719 2204 pincis,
742 2126 824 2187 uncie
847 2140 909 2188 una
936 2130 1039 2187 tamen
1066 2124 1151 2187 sii.“

138 2230 246 2316 Quane
268 2235 390 2297 etiamsi
413 2234 544 2295 aiterum
561 2234 642 2310 quod
664 2232 854 2296 Aristeieies
874 2232 1052 2311 Empedocli
1073 2233 1192 2315 obiicit,

139 2356 210 2404 eum
241 2342 366 2405 nonnisi
392 2342 546 2419 imagines
569 2356 677 2404 eanum
705 2356 783 2420 quas
812 2342 977 2419 prometur
1007 2355 1111 2402 nerum
1132 2340 1193 2402 huc
1247 2377 1249 2380 -

136 2450 212 2512 iiiuc
237 2456 340 2513 menie
362 2451 540 2533 concipere,
561 2442 676 2527 optime
698 2446 866 2511 Lucneiius
887 2448 1010 2531 vitavit,
1033 2452 1136 2511 iamen
1158 2448 1191 2510 in

136 2559 319 2622 universum
348 2556 497 2621 indicanti
521 2556 722 2637 Empedocles
738 2572 776 2617 eo
791 2558 921 2631 gravior
933 2558 1099 2632 minusque
1120 2546 1192 2619 aiii's

135 2668 294 2730 subiectus
324 2666 447 2729 videtur
469 2681 560 2743 qnam
577 2661 758 2745 Lucienus,
782 2678 844 2741 quc
863 2661 984 2726 Graeca
999 2663 1192 2740 philosophia

136 2778 267 2852 gravior
293 2788 384 2853 quam
414 2773 576 2853 Romana3
608 2772 662 2833 iiic
684 2774 767 2834 enim
790 2772 925 2847 singuiis
947 2786 1024 2848 quas
1046 2772 1117 2833 aliis
1140 2773 1192 2833 cie·

134 2884 227 2947 hebai
261 2880 425 2945 sentenciis
464 2880 579 2943 muiias
608 2895 626 2941 e
656 2881 809 2942 ditissimo
847 2880 1013 2942 coniunxit
1047 2880 1190 2964 ingenio,

133 2991 184 3053 hic
214 3006 268 3051 eas
295 2989 433 3051 sermoni
463 2993 582 3052 ianium
609 2989 730 3065 poetico
760 2989 924 3051 mandabat
944 2987 1083 3065 proprio.

223 3094 357 3175 Utrique
386 3098 516 3181 deinde,
547 3100 583 3159 ut
614 3099 652 3159 ab
682 3098 839 3160 universis
862 3096 1034 3158 carminum
1056 3094 1192 3157 nniicni·

133 3208 193 3269 iaus
214 3204 337 3267 initium
365 3205 502 3289 capiam,
531 3206 611 3267 iciam
633 3211 682 3269 esi
704 3208 936 3285 argenceium,
968 3202 1050 3265 icen
1072 3216 1187 3265 sermo.

136 3310 307 3390 Dispuiani
329 3314 410 3375 enim
434 3314 471 3375 ie
492 3328 598 3376 renum
621 3318 732 3376 natura
761 3314 830 3375 sive
852 3311 1063 3392 poppysmis,
1094 3324 1191 3389 quare

136 3424 222 3485 necte
243 3416 355 3483 Cicero
369 3419 565 3499 Empedoclis
586 3420 720 3507 φυσικά,
741 3422 762 3504 ἢ
776 3426 851 3503 περὶ
867 3418 994 3506 φύσεως
1010 3418 1106 3481 iaiine
1119 3434 1190 3481 vec·

204 3677 233 3745 1)
249 3694 365 3747 precem.
384 3676 418 3731 21
437 3693 497 3747 pag.
516 3676 532 3729 ὅ
550 3678 574 3730 Α
591 3675 634 3729 27.

203 3760 233 3829 2)
251 3778 283 3817 ex
300 3777 400 3815 recens.
419 3762 490 3814 lmm.
509 3763 636 3826 Bekiicri,
676 3760 797 3815 Bereiini
818 3756 895 3814 1831.

648 3936 755 4031 ⁸aaa
781 3935 919 4021 espany

744 4011 775 4047 OF
780 4008 828 4045 'iiie

602 4057 959 4131 umavzmscna‘

679 4148 884 4239 caui'oam»
