2759 4509
173 435 357 503 Lucretium
389 441 471 506 tollit
496 441 642 505 laudidus
671 455 848 518 versusque
873 441 943 506 eius
965 457 1041 507 vera
1064 441 1139 505 dicit
1161 456 1229 507 oar·
1365 433 1367 486 ἲ

173 546 278 610 mina:

260 650 436 738 „Carmina
460 657 602 721 sublimis
624 663 700 723 tuoe
720 666 797 722 sunt
815 661 955 737 peritura
981 657 1125 745 Lucreti,

304 766 403 829 exitio
425 772 527 830 terras
549 780 644 844 quum
667 768 752 831 datii
774 782 837 831 una
857 766 966 831 dles.“

177 870 377 955 Quapropter
402 879 434 937 et
457 875 508 937 irie
533 876 683 953 optimum
708 877 833 939 videtur
855 877 990 939 medium
1014 876 1167 954 quoddam
1188 881 1236 939 te·

176 997 253 1044 nere
275 988 308 1045 et
338 983 375 1045 ad
399 980 584 1047 Lucretium
612 984 748 1066 deleme,
780 999 860 1064 puae
881 983 1099 1062 Empedoclem
1120 985 1234 1049 ieviter

177 1093 408 1170 reprehendens
431 1092 506 1154 dieii
529 1089 655 1174 Cicero,
678 1093 717 1155 de
739 1088 827 1156 Oret.
858 1090 887 1175 l,
919 1092 975 1175 td,
1004 1092 1088 1159 217:
1124 1092 1235 1177 „Nem

177 1202 205 1264 si
228 1201 373 1282 quisque,
394 1206 429 1263 ut
450 1202 482 1263 ln
504 1201 609 1278 aliqua
631 1207 700 1265 arte
722 1206 754 1263 et
774 1202 921 1264 lacunato
943 1203 1114 1284 excellens,
1142 1203 1235 1267 aliam

178 1323 302 1388 quoque
325 1315 423 1372 artem
444 1307 504 1372 sliri
525 1311 723 1391 assumserit,
743 1310 787 1372 ita
802 1312 953 1393 perderet,
976 1316 1024 1392 ut,
1044 1312 1125 1389 quod
1145 1326 1235 1389 pree·

178 1423 267 1481 terea
289 1418 381 1499 solet,
403 1418 540 1506 ideius‚
571 1420 604 1481 in
634 1432 697 1495 quo
720 1420 863 1499 excellet,
885 1435 958 1497 pars
992 1420 1143 1497 quaedam
1163 1433 1235 1482 esse

179 1525 340 1589 videatur:
375 1528 449 1589 lieet
477 1527 538 1589 ista
566 1527 689 1589 ratione
721 1527 873 1610 dieamus,
903 1528 964 1605 pila
991 1530 1083 1609 irene,
1104 1532 1138 1590 et
1158 1528 1235 1590 duo·

180 1636 277 1697 decim
301 1636 426 1713 seriptis
449 1636 567 1712 ludere,
589 1635 750 1713 proprium
771 1650 842 1699 esse
863 1638 943 1715 iuris
965 1637 1066 1699 eivliis
1075 1677 1232 1699 ........

182 1742 351 1823 eademque
372 1745 496 1807 ratione
519 1745 675 1826 dicantur,
704 1751 736 1808 et
762 1759 842 1821 puos
863 1743 1019 1829 φυσικούς
1044 1743 1158 1809 Graeci
1178 1756 1235 1806 no·

181 1855 313 1936 minant,
333 1853 427 1915 udam
450 1857 581 1933 poetro,
605 1853 754 1931 quonlam
767 1851 967 1931 limpedooles
981 1853 1131 1931 physicus
1144 1864 1236 1926 egre·

182 1964 270 2039 glum
291 1978 401 2041 poema
422 1958 574 2024 lecent‘·
1010 1954 1013 1957 ’

267 2067 334 2133 lam
364 2068 567 2132 Aristotelem
602 2066 839 2147 Empedoclem
874 2067 1002 2131 iiomeri
1029 2068 1236 2132 imitationem

182 2181 475 2242 commemorantem
497 2176 685 2259 audivimus,
718 2177 757 2238 de
787 2193 847 2254 qua
871 2192 950 2254 puae
975 2175 1008 2239 in
1038 2174 1236 2254 Empedoclis

183 2292 214 2350 et
251 2284 382 2349 Lucreti
417 2285 607 2348 carminibus
642 2286 833 2361 investigavi
871 2300 953 2349 nuno
985 2299 1115 2347 nonore
1148 2283 1233 2346 volo.

182 2394 326 2474 Aequius
345 2395 404 2457 irae
427 2394 464 2455 de
492 2408 526 2457 re
555 2391 759 2456 Aristotelem
785 2394 972 2457 iudicantem
1006 2393 1112 2454 iaudat
1138 2388 1233 2466 illog.

183 2501 243 2567 La.
268 2499 359 2584 VIII,
382 2500 425 2567 57
446 2517 518 2579 pag.
541 2498 607 2566 217
634 2499 678 2582 Α,
710 2500 772 2565 52:
810 2501 846 2564 ἐν
865 2500 903 2565 δὲ
929 2502 976 2585 τῷ
995 2507 1072 2582 περὶ
1093 2498 1238 2582 ποιητῶν

183 2618 286 2697 φησὶν
306 2607 555 2692 (Ἀριστοτέλης)
579 2607 630 2671 ὅτι
651 2610 708 2673 καὶ
727 2606 893 2693 Ὁμηρικὸς
918 2604 1166 2688 ὁἘμπεδοκλῆς
1181 2610 1238 2668 καλ

184 2718 289 2793 δεινὸς
316 2724 392 2801 περὶ
412 2716 473 2799 τὴν
503 2712 628 2802 φράσιν
656 2720 765 2797 γέγονε
771 2764 783 2799 ,
821 2714 1036 2800 μεταφορικοῖς
1057 2738 1092 2779 τε
1114 2712 1162 2778 ὧν
1181 2718 1238 2776 καλ

183 2838 250 2902 τοῖς
275 2826 385 2901 ἄλλοις
405 2834 472 2899 τοῖς
495 2830 571 2905 περὶ
595 2824 766 2909 ποιητικῆν
801 2822 1033 2904 ἐπιτεχνὴμασι
1062 2820 1238 2904 χριόμενος.

182 2938 268 2999 idern
300 2931 449 2998 Favorini
478 2931 680 2995 condenatur
714 2934 753 2995 de
792 2931 990 2996 Lustrailirus
1022 2928 1237 3007 Empedocleis
1326 3012 1331 3020 st

184 3043 365 3109 narratione
393 3041 472 3118 apud
502 3038 598 3115 urog.
627 3036 687 3104 La.
723 3037 815 3123 vili,
843 3040 885 3104 63
913 3054 985 3118 pag.
1019 3036 1085 3102 tiu
1109 3037 1151 3119 Α,
1175 3033 1235 3101 182

184 3150 303 3225 αὐτοῦς
323 3148 360 3213 dt
380 3148 514 3222 τούτους
536 3145 613 3222 τούς
636 3147 843 3230 Καθαρμούς
862 3147 899 3211 ἓν
912 3144 1072 3228 Ὀλυμπίᾳ
1096 3144 1238 3229 ‹loppa-

184 3258 341 3346 ψῳδῆσαι
367 3258 492 3338 λέγεται
516 3255 701 3339 Κλεομένην
725 3251 784 3321 τὸν
803 3253 980 3340 ῥαψῳδόν,
1007 3250 1051 3328 οἷς
1082 3259 1138 3315 καὶ
1163 3256 1237 3316 Φον-

183 3369 320 3450 βωρῖνος
345 3363 382 3429 ἐν
408 3360 730 3449 ἀπομνημονεύμασι.
787 3360 885 3441 quue
914 3367 1042 3442 apparet
1066 3361 1176 3424 delude
1205 3364 1238 3422 el

186 3477 219 3540 in
256 3474 332 3539 totis
371 3472 506 3537 diomero
540 3472 711 3551 desumptis
745 3471 909 3554 veniens,
958 3471 1059 3549 quails
1090 3473 1140 3532 est
1172 3464 1259 3537 279,

199 3581 243 3646 ‘ld
290 3598 298 3646 :

186 3583 200 3666 [
244 3581 312 3766 ὅλος
335 3686 363 3755 δ’
385 3689 430 3755 dr’
451 3687 532 3764 ὀπὸς
553 3687 636 3770 reto
655 3685 769 3751 λοοκὸν
789 3683 977 3770 ἐγόμφωσεν
1004 3691 1060 3748 καὶ
1080 3681 1183 3767 ἔδησε.
