2759 4509
232 452 277 521 iii
297 452 432 533 denique
453 454 492 519 de
514 454 555 521 iio
576 466 657 535 pune
679 454 857 533 gignuntur
875 466 895 517 e
911 458 999 517 ierne
1014 466 1095 532 pune
1109 450 1209 515 danen

149 565 278 649 addend,
308 564 443 645 primurn
466 564 633 627 ienendnm
656 568 706 628 esi
727 564 831 627 omnia
852 568 885 626 et
912 564 963 627 irie
983 562 1140 639 originem
1161 578 1214 625 on·

150 690 225 756 pere
246 674 470 737 elementorum
493 673 561 736 sire
583 674 738 737 seminum
759 686 777 735 e
797 674 1017 735 coniunctione
1036 675 1069 733 et
1089 671 1213 735 disiun-

151 783 255 849 odone
297 779 427 860 Emped.
448 798 501 847 vv.
523 780 710 847 211-214
732 779 944 867 {idi-153.
967 777 1066 861 2431:

236 892 307 967 πῶς
328 889 448 967 ὕδατος
469 892 562 975 γαίης
589 912 625 954 τε
645 896 703 953 καί
724 893 860 973 αἰθέρος
880 884 989 974 ἠελίου
1003 910 1038 952 τε

235 1002 438 1084 κιρναμένων
458 1000 567 1085 χροιαί
584 994 613 1063 τ’
638 996 709 1083 εἴδη
734 1020 770 1062 τε
798 1000 946 1079 γενοίατο
974 997 1106 1082 θνητῶν

236 1106 313 1192 τοῖ’,
335 1107 398 1173 ὅσα
415 1107 476 1173 νῦν
489 1104 622 1187 γεγάασι
639 1103 899 1190 συναρμοσθένί
912 1104 1083 1197 Ἀφροδίτῃ
1090 1150 1214 1173 .......

238 1222 308 1293 πῶς
325 1225 381 1282 καί
401 1215 538 1299 δένδρεα
557 1213 666 1301 μακροί
688 1223 744 1279 καί
758 1214 893 1280 εἰνάλιοι
906 1220 1092 1298 καμασῆνες
1092 1264 1190 1283 ......

154 1341 235 1408 pune
256 1328 378 1407 quidem
401 1326 504 1389 omnin
526 1326 644 1389 semina
660 1328 688 1388 si
703 1323 919 1411 Empedocles,
943 1327 1077 1391 enimam
1095 1332 1128 1391 ei
1141 1343 1214 1392 eor·

153 1452 213 1518 pus
235 1452 297 1501 non
319 1437 397 1500 sniis
419 1436 636 1519 distinguens,
666 1436 802 1499 enimein
831 1451 903 1499 esse
931 1442 1038 1521 putet,
1070 1439 1160 1501 onesi
1182 1438 1213 1501 ei

155 1542 344 1629 morelius,
374 1544 502 1608 sensilia
524 1558 565 1607 ex
584 1544 787 1608 insensilibus
809 1546 964 1610 exsistere
985 1547 1126 1611 indicens
1149 1548 1214 1611 eie·

154 1654 267 1719 meniis
288 1650 317 1738 1,
342 1650 586 1719 dodi-1023:

237 1778 339 1848 „nem
362 1767 447 1826 cerie
469 1776 571 1840 neque
592 1760 724 1825 oonsilio
746 1763 916 1840 primordia
937 1781 1045 1830 rerum

237 1872 346 1936 ordine
367 1886 402 1935 se
423 1886 481 1935 suo
504 1884 645 1949 quaeque
668 1872 775 1949 segrei
797 1879 902 1936 menie
922 1875 1067 1940 iocarunt

239 1996 298 2045 nee
318 1995 397 2059 quos
419 1994 560 2059 quaeque
582 1981 693 2043 darent
713 1984 817 2045 moins
838 1982 986 2062 pepigere
1008 1983 1192 2065 proiecto.“

154 2085 199 2174 li,
221 2086 424 2155 sod-867:

242 2196 364 2284 „Nune
389 2214 427 2261 ea
456 2213 536 2276 quae
562 2198 680 2263 sentire
704 2199 845 2263 videmus
876 2218 1009 2281 eumque
1038 2209 1214 2275 neeesse'si

238 2322 279 2371 ex
301 2306 503 2371 insensriinns
526 2311 629 2369 iernen
650 2309 754 2371 omnin
777 2311 947 2376 eondieare

239 2414 400 2495 principiis
422 2419 578 2479 constare.
583 2414 609 2455 ‘⁴

155 2525 196 2588 ei.
223 2520 461 2590 idid-1012.
507 2522 708 2608 Quapropier
729 2542 780 2590 vr.
804 2524 854 2610 ll,
877 2527 942 2595 902
960 2546 1029 2609 sqq.
1058 2528 1211 2612 diaron.

154 2633 230 2697 inihi
250 2632 428 2710 Empedocli
450 2632 531 2697 diein
553 2634 712 2698 vitientur.

240 2740 357 2805 Eodem
380 2742 488 2806 ordine
511 2744 614 2806 omnin
635 2749 799 2822 procreate
822 2751 1007 2830 numerani‚
1031 2762 1124 2827 quern
1146 2748 1216 2828 pni-

156 2852 230 2917 odre
254 2854 363 2917 narrat
385 2848 778 2935 Luer.11‚875-878:

135 2996 138 3008 ι
241 2963 397 3045 „verduni
419 2975 454 3023 se
476 2961 562 3023 iinvii
585 2961 713 3027 irondes
736 2963 902 3041 erpennio
924 2964 1007 3028 ineie

239 3069 272 3131 in
295 3068 442 3152 pecudes,
466 3073 596 3133 vertunt
616 3070 752 3150 pecudes
774 3071 806 3134 in
829 3087 961 3151 corporo
983 3078 1093 3137 nostra

239 3181 395 3257 naturam,
420 3180 452 3239 ei
472 3182 582 3243 nostro
605 3180 642 3241 de
663 3195 795 3258 corpore
817 3196 911 3259 saepe
931 3182 1069 3246 ferorum

239 3290 415 3361 augescunt
435 3286 520 3349 vires
540 3291 573 3349 et
594 3303 725 3366 corpore
749 3287 1047 3368 pennipotentum.“

155 3392 284 3475 Enped.
309 3392 384 3458 215.
409 3392 474 3459 216
497 3396 587 3477 [209.
609 3395 708 3480 210];

240 3501 283 3577 ὥς
306 3500 343 3565 δὲ
364 3498 435 3567 τότε
456 3504 566 3585 χθόνα
586 3503 723 3590 Κύπρις,
750 3505 822 3571 ἐπεί
842 3500 869 3571 τ’
889 3506 1017 3593 ἐδίηνεν
1036 3505 1074 3572 ἐν
1092 3506 1215 3598 ὄμβρῳ,

238 3607 347 3695 αἰθέρ’
367 3609 582 3679 ἐπιπνείουσα
606 3616 678 3699 θοῷ
699 3621 780 3698 περὶ
801 3614 882 3680 δῶκε
901 3618 1068 3705 κρατῦναι.

153 3736 186 3783 ι.
209 3716 273 3785 oro
297 3718 406 3803 [νειμ
