2759 4509
565 591 834 699 cecano

518 714 874 779 Uritvmmsrrr
893 740 895 744 ¹

591 803 798 895 cettss'cnntb

220 1004 349 1069 Lucreti
373 1008 481 1071 critica
503 1009 668 1083 castigatio
689 989 785 1087 ouum
814 1009 973 1086 praeclara
999 1007 1190 1074 Lachmauni

134 1116 318 1177 recensione
340 1116 406 1177 iere
428 1117 464 1177 ab
488 1118 580 1179 linem
605 1118 647 1179 sit
666 1119 827 1200 peruncta,
847 1118 909 1179 iam
938 1133 1044 1181 rerum
1071 1120 1191 1182 desite-

134 1228 224 1284 ratur
249 1223 437 1301 explicatio,
451 1238 510 1299 uua
534 1226 671 1287 carmina
691 1226 784 1287 buius
807 1232 917 1302 poetae
938 1232 1035 1300 egent
1056 1228 1192 1290 utnulla

133 1330 201 1393 iere
225 1331 338 1405 magis.
384 1328 594 1411 Quot-tamen
609 1336 775 1409 antequam
794 1349 943 1409 prospere
964 1336 1064 1416 cctlat,
1089 1334 1192 1395 omnia

135 1443 285 1513 quantum
316 1438 390 1499 licet
423 1436 615 1500 Graecorum
636 1440 890 1516 pbilosophorum
918 1440 951 1501 in
973 1437 1103 1502 Lucreti
1124 1455 1192 1502 car-

134 1545 217 1605 mine
247 1545 382 1619 vestigia
410 1549 485 1608 sunt
507 1546 696 1628 indaganda,
726 1547 757 1606 ii
791 1547 871 1621 quoti
897 1546 929 1607 iu
952 1547 1087 1621 singulis
1109 1547 1192 1606 lecc-

134 1656 210 1713 runt
231 1666 300 1713 cum
323 1652 375 1713 alli
397 1657 463 1713 tum
485 1654 601 1728 optime
626 1652 801 1713 Rcisacker
810 1649 852 1731 ¹).
898 1650 988 1731 Quae
1009 1668 1086 1714 vero
1108 1667 1192 1713 oom-

132 1759 310 1835 parationes
332 1763 368 1819 ut
388 1758 478 1834 plene
500 1764 608 1821 essent
629 1759 845 1835 cumulateque
865 1760 1034 1840 perlectae,
1057 1759 1191 1832 singuiis

133 1865 196 1927 nisi
227 1866 321 1927 latior
359 1866 502 1941 singulos
532 1871 678 1928 auctores
709 1866 882 1941 comparari
912 1870 1035 1941 oportet
1064 1865 1191 1947 libeliis,

133 1974 207 2050 qula
227 1972 341 2034 multae
362 1969 490 2035 Lucreti
511 1974 674 2050 opiniones
696 1973 769 2033 buic
793 1988 833 2034 an
855 1973 900 2034 illl
923 1972 988 2034 sint
1009 1971 1192 2034 tribuendae

134 2080 238 2142 minus
269 2085 354 2142 certe
383 2086 518 2143 constat.
585 2080 784 2163 Quapropter
808 2078 907 2157 Empe
966 2081 1025 2140 lem
1055 2079 1192 2156 philoso-

133 2188 229 2263 pbum
258 2188 315 2250 bac
345 2190 501 2251 scribendi
531 2189 695 2251 occasione
715 2188 819 2250 oblata
842 2184 991 2250 Lucretio
1012 2199 1191 2263 comparare

133 2299 265 2357 conatus
299 2310 388 2374 sunt,
435 2296 556 2372 poetico
585 2308 709 2372 quoque
741 2310 850 2356 eorum
881 2310 1027 2358 sermone
1060 2294 1187 2374 collato,

133 2402 223 2463 cuius
243 2402 276 2463 in
306 2407 439 2478 utroque
467 2403 603 2464 ailinltas
631 2418 649 2463 a
677 2404 801 2501 nemine
827 2403 909 2479 quoti
941 2403 1007 2464 scio
1035 2401 1192 2461 illustrata

133 2512 195 2569 cst.
240 2507 328 2589 Quae
347 2510 480 2571 imitatio
508 2514 630 2573 tanturm
659 2512 749 2572 abest
779 2511 883 2572 uthis
906 2510 1025 2571 extens
1047 2508 1191 2569 terminis

133 2616 428 2698 circumscribatur,
459 2617 489 2676 ld
511 2617 592 2691 quob
614 2614 841 2679 Mommsenius
856 2613 885 2694 ²)
914 2621 1025 2693 putare
1052 2613 1190 2694 vitietur,

134 2726 171 2784 ut
192 2723 260 2799 lpsa
291 2724 446 2797 originem
475 2721 607 2785 declucet
634 2726 671 2785 ab
700 2725 847 2787 universa
879 2725 932 2787 illa
967 2722 1097 2784 Lucreti
1121 2734 1192 2782 cum

134 2826 320 2905 Empedocle
358 2830 608 2911 necessitudine,
655 2845 734 2906 utrae
769 2832 866 2893 multo
902 2831 1049 2893 nimirum
1076 2828 1190 2910 magis,

134 2952 227 3014 quam
248 2938 281 2999 in
304 2939 442 3019 exteris,
481 2938 559 3013 ipsis
586 2936 617 2997 iu
647 2939 742 3006 rebus
772 2942 804 3001 et
835 2939 1032 3015 opinionibus
1061 2934 1191 3012 patebit.

135 3042 205 3125 Qua
228 3044 265 3105 oc
285 3059 320 3105 rc
342 3058 436 3120 quum
458 3044 538 3105 bautl
560 3045 651 3119 pauci
669 3050 794 3128 essent,
817 3048 871 3121 qui
893 3046 1082 3123 dubitarent,
1106 3044 1192 3102 recte

133 3156 237 3213 temen
260 3153 322 3213 iam
347 3152 495 3213 iudicavit
520 3148 661 3214 Friesius
681 3150 710 3232 ³)
732 3154 781 3214 bis
807 3154 929 3215 verbis:
962 3147 1132 3231 „Dffrobot
1159 3144 1192 3225 tp

134 3261 191 3323 bot
215 3255 333 3337 (beblrbt
355 3262 405 3321 bct
426 3256 573 3322 lucretium
596 3254 699 3323 bosuc
716 3254 753 3323 'lu
776 3262 822 3323 bct
844 3258 899 3323 tbt
920 3262 968 3323 bet
989 3252 1189 3332 ilutibbtuop
1268 3260 1272 3268 '

133 3362 253 3445 ulcttod)
275 3363 487 3447 llcbcbutuup
517 3367 568 3429 bct
598 3362 804 3445 bmpetocteo,
836 3366 881 3431 bic
900 3361 1109 3448 licrptcitbuop
1132 3357 1187 3422 mit

145 3480 346 3493 ᾖ,

202 3529 232 3594 1)
251 3530 426 3595 Quaestioncs
443 3529 625 3581 Lucretianae.
642 3528 751 3582 Bonuac
770 3528 846 3585 1847.

201 3609 232 3678 2)
251 3610 387 3675 btbroiicbc
404 3606 557 3677 (brictium,
583 3610 634 3663 vol.
653 3610 694 3661 111
711 3628 738 3679 p.
755 3610 817 3665 ott.

202 3692 232 3760 3)
250 3692 393 3761 (bribltbtc
410 3694 454 3749 bet
475 3690 653 3759 bbiloiotblc.
690 3692 779 3759 bobr,
799 3690 867 3746 1837
883 3692 935 3745 rol.
954 3693 967 3744 l
983 3708 1010 3761 p.
1027 3688 1089 3743 209.

945 3841 963 3903 1
