2759 4509
1179 320 1271 392 25„

166 504 202 563 ut
223 500 349 563 videtur
368 494 544 577 Empedocli
563 498 690 561 crimini
713 497 766 561 dat
778 496 915 561 Arisint.
932 494 1032 575 Phys.
1051 494 1095 580 ΙΙ,
1113 498 1221 576 ipag.

167 605 232 672 196
255 606 297 689 Α,
320 605 374 672 20.
397 607 584 683 degener
605 620 689 669 corr.
710 602 756 689 11,
778 603 800 670 6
821 620 895 684 pag.
919 604 1107 672 334127.

253 713 300 777 De
319 716 455 793 mythico
477 712 673 793 Empedoclis
697 716 759 778 odii
772 716 842 778 sive
858 716 1031 778 discordiae
1043 716 1223 779 inductione

166 823 251 888 nulia
273 825 305 887 in
325 821 453 887 Lucreti
475 825 613 887 carmine
634 825 837 902 reperiuntur
862 825 1017 901 vestigia,
1049 840 1120 888 cum
1150 842 1225 889 con·

166 936 216 995 tra
237 929 393 996 Venerem
418 937 542 997 constet
562 930 747 996 Lucretium
769 949 832 995 non
854 934 976 996 minore
997 939 1092 1012 atque
1109 932 1223 1024 iimpe-

166 1041 286 1103 dociem
309 1057 423 1104 canere
451 1041 568 1105 studio.
622 1039 729 1124 Quidt
759 1044 840 1119 pund
869 1058 993 1106 carmen
1017 1044 1047 1105 ei
1070 1058 1226 1106 commen-

166 1150 220 1212 dat
239 1152 328 1229 quasi
348 1150 485 1213 omnium
516 1151 683 1233 genetrici,
714 1165 808 1228 puam
836 1166 929 1214 unam
957 1152 1096 1215 omnium
1125 1152 1228 1215 numi-¹

168 1260 243 1323 uum
264 1274 301 1322 εο
321 1256 490 1322 Lucretius
514 1261 657 1335 agnoscit
680 1260 784 1342 modo,
818 1274 881 1338 quo
903 1260 987 1323 inter
1008 1262 1150 1324 homines
1173 1278 1227 1325 co·

167 1367 255 1432 iitur.
302 1365 386 1450 Quin
409 1366 612 1445 Empedocles
634 1381 758 1445 quoque
779 1368 880 1445 primo
902 1384 971 1432 eam
1003 1385 1120 1448 ponere
1142 1371 1227 1433 vide·

167 1482 222 1539 tur
242 1478 311 1539 ioco
333 1492 387 1540 vv.
405 1472 548 1539 80-86
571 1473 798 1558 [107-1131,
819 1493 872 1540 vv.
888 1476 1075 1544 ido-407
1098 1476 1226 1562 [368-

169 1583 263 1667 3701,
285 1586 337 1648 uiri
359 1599 486 1647 auream
509 1587 617 1648 narrat
638 1588 785 1667 aetatem,
811 1601 872 1664 qua
895 1587 999 1650 nuiios
1021 1592 1149 1665 praeter
1162 1585 1227 1652 Vc·

169 1709 276 1757 nerem
306 1694 406 1757 iuissc
436 1694 536 1756 divos.
583 1690 673 1757 Sicut
700 1691 916 1773 Empedocies,
944 1693 1169 1759 aParmenide
1192 1701 1228 1760 ut

169 1803 294 1867 videtur
309 1802 434 1886 ductus,
454 1802 558 1865 omnia
573 1799 1225 1889 avenereconciiiaridicttv.205[21712

258 1908 423 1995 Κύπριδος
444 1906 630 1992 ύρμισθεῖσι
648 1912 781 1985 τελείοις
801 1910 838 1976 ἕν
858 1912 1058 1993 λιμένεσσιν·

171 2020 286 2085 1212
310 2018 418 2103 [229];

258 2128 424 2214 Κύπριδος
445 2127 481 2192 ἐν
500 2126 693 2217 παλάμῃσιν
713 2127 767 2193 dre
787 2127 850 2210 ξύμ
869 2128 971 2212 πρῶτ’
990 2129 1141 2216 ἐφύοντο,

171 2240 217 2302 ita
238 2235 408 2301 Lucretius
432 2237 589 2302 Venerem
611 2252 718 2302 rerum
738 2237 822 2300 canit
842 2240 1094 2315 gubernatricem
1115 2241 1171 2322 (ci.
1194 2258 1227 2305 v.

170 2348 230 2431 21)
264 2348 426 2426 praeclaro
462 2347 517 2409 iiio
550 2352 583 2409 et
606 2359 694 2411 vere
716 2347 838 2424 poetico
876 2349 1024 2412 carminis
1055 2350 1167 2413 initio·
1186 2352 1227 2412 ci.

173 2454 218 2541 ii,
246 2454 321 2519 173.
352 2453 428 2520 735.
448 2453 525 2520 845.
590 2455 679 2540 Quae
700 2470 771 2519 cum
792 2456 836 2519 ita
858 2455 942 2538 sint,
974 2455 1110 2521 Veneris
1134 2474 1228 2523 vene·

171 2566 328 2629 rationem
349 2565 447 2627 muito
470 2565 674 2628 verisimilius
708 2565 782 2627 miiri
814 2565 939 2628 videtur
963 2568 1136 2644 sumpsisse
1163 2564 1229 2630 Lu-

171 2676 305 2737 cretium
331 2676 369 2737 air
399 2671 584 2751 Empedocie
615 2686 708 2752 quam
735 2675 774 2736 air
805 2670 974 2756 Euripide,
1016 2690 1109 2754 quem
1137 2674 1229 2738 Reis-

172 2780 310 2862 ackcr1)
331 2782 399 2846 vuit
421 2786 580 2856 auctorem
606 2796 690 2864 esse,
710 2796 863 2859 quemque
877 2779 1060 2846 Lucretium
1074 2784 1228 2847 imitatum

172 2908 244 2955 esse
266 2892 452 2969 comparatis
470 2892 635 2970 perpaucis
656 2892 758 2969 iisque
780 2892 936 2954 universis
957 2892 1138 2955 notionibus
1154 2894 1229 2956 mihi

173 3017 237 3064 non
259 3014 444 3079 persuasum
468 3014 538 3063 esse
558 3000 721 3062 coniiteor.
774 2998 896 3064 Ennius
918 3017 1010 3081 vero,
1040 3016 1131 3078 punem
1155 3002 1230 3064 item

174 3113 335 3187 comparat
363 3106 540 3172 Reisacker
556 3104 608 3192 ²),
657 3110 749 3186 piane
780 3110 873 3171 aliam
903 3124 961 3171 nec
990 3110 1050 3172 nisi
1076 3111 1229 3187 poeticam

173 3220 260 3282 cauit
282 3211 450 3283 Venerem.
496 3214 700 3295 Empedocies
716 3215 908 3301 Ἀφροδίτην
925 3230 1013 3279 suam
1028 3219 1149 3296 qualem
1163 3220 1230 3282 ani·

173 3344 224 3391 mo
248 3326 465 3404 comprehendi
487 3327 636 3409 vetuerit,
669 3332 773 3390 cetera
795 3325 907 3389 docent
930 3340 1009 3402 quae
1032 3329 1061 3388 ei
1082 3328 1232 3405 imposuit

175 3437 470 3518 nominandorum
500 3450 563 3497 non
593 3436 695 3499 scium
725 3427 851 3517 Κύπρις
870 3435 1035 3512 aliquoties
1060 3437 1229 3519 reperitur,

175 3545 402 3608 verumetiam
434 3542 612 3627 γηθοσύνη,
641 3545 663 3607 1.
696 3554 725 3606 e.
756 3544 910 3625 amicitia,
939 3557 1031 3620 quam
1057 3542 1127 3606 aliis
1152 3541 1230 3605 iocis

175 3667 419 3677 -οιιρσ--ο-α-

235 3712 473 3867 111111

537 3969 540 3973 ¹
702 3871 1074 3947 tnuvmfflnr

777 3972 983 4063 <turannio
