2759 4509
1158 298 1180 363 8

209 464 424 546 Empedoclem
446 470 610 534 doctorum
633 470 807 552 hominum,
829 468 883 547 qui
899 467 1006 531 eaden
1028 472 1090 545 qua
1112 464 1177 532 Lu·

120 576 240 639 cretius
260 578 406 639 vivebant
432 580 547 660 aetate,
575 576 674 640 misse
703 577 736 639 in
765 589 833 659 ore,
856 589 933 654 cum
955 588 995 637 ex
1016 576 1087 638 attis
1109 580 1176 639 tum

120 684 195 747 inde
217 684 366 761 colligere
393 686 478 769 iicet,
509 687 590 763 quod
622 682 735 749 Cicero
757 685 795 745 dc
819 672 880 745 Cn.
906 680 1049 747 Saliustii
1071 684 1177 747 cuius·
1302 730 1306 736 .

119 792 191 854 dnm
214 790 440 874 Empedocles,
462 792 499 853 dc
523 792 635 870 quidus
657 793 730 855 aliut
754 791 798 856 nit
827 795 972 874 constat,
1005 793 1081 855 daec
1099 792 1178 855 seri·

121 900 222 977 pserit
243 901 281 962 ad
302 899 454 982 Quintum
475 902 605 963 fratrem
625 896 670 982 ΙΙ,
693 897 754 963 11:
778 894 869 979 „Sed
891 913 961 962 cum
983 901 1109 963 veneris
1131 900 1178 963 vi·

123 1020 195 1070 rum
216 1012 249 1069 te
269 1010 402 1090 putato,
436 1001 465 1070 si
488 1006 619 1072 Sallusti
645 1006 850 1085 Empedoclea
877 1007 994 1082 legeris
1022 1007 1176 1070 hominem

25 1168 27 1175 ,
120 1130 186 1177 non
216 1114 373 1192 putabo.⁴‘
439 1114 487 1177 De
516 1112 645 1178 Lucreti
681 1121 714 1177 ct
748 1113 945 1193 Empedoclis
975 1116 1178 1178 similitudine

26 1258 27 1261 =
120 1227 246 1285 veteres
268 1224 437 1300 scriptores
460 1240 500 1287 ue
519 1226 653 1286 obscure
669 1223 793 1300 quidem
808 1223 1000 1305 significant,
1023 1224 1084 1285 nisi
1102 1220 1178 1285 Dio-

25 1370 29 1391 .
120 1332 228 1393 medes
252 1326 329 1413 (ΙΙΙ,
359 1347 390 1409 p.
420 1328 518 1405 tum:
564 1327 786 1412 „Didascaitce
807 1335 868 1412 est,
896 1345 955 1408 qua
976 1332 1178 1407 comprehen-

25 1460 26 1495 ς
119 1438 207 1501 ditur
227 1429 418 1515 philosophia
441 1435 638 1517 Empedoclis
659 1441 691 1498 et
719 1433 891 1499 Lucreti.“
934 1436 1082 1501 Attamen
1104 1439 1177 1501 tedis

25 1598 27 1607 ,
119 1546 172 1607 est
192 1544 269 1607 haec
291 1545 459 1609 similitudo
483 1587 494 1627 ,
520 1546 633 1626 quatis,
658 1558 722 1607 uno
744 1549 874 1622 excepto
905 1541 1062 1627 Epicuro,
1085 1546 1175 1609 cuius

25 1696 26 1705 ο
119 1666 157 1715 se
179 1649 351 1733 doctrinam
373 1653 405 1714 in
425 1653 566 1727 linguam
590 1648 736 1715 Latinam
758 1654 932 1716 transferre
956 1653 1038 1716 reite
1059 1651 1178 1716 Lucro-

25 1786 30 1827 z·
118 1758 187 1821 tius
207 1760 384 1842 profitetur,
420 1775 490 1823 cum
512 1761 598 1824 nullo
620 1762 682 1823 aiio
706 1762 826 1844 maior,
854 1762 929 1837 quid
951 1760 1034 1839 quod
1053 1766 1177 1823 ceteros

25 1894 30 1935 r
120 1880 203 1943 duos
223 1873 522 1933 commemoraverat
553 1866 693 1931 Graecos
720 1868 942 1949 philosophos,
979 1873 1016 1930 ut
1038 1866 1178 1931 Heracli·

25 1998 55 2021 r·
119 1978 203 2057 tum,
225 1972 463 2057 Anaxagoram,
487 1975 714 2057 Democritum,
737 1971 972 2038 Onomacritum
1001 1976 1081 2038 aiios
1104 1974 1178 2039 Em·

25 2110 33 2153 2,
119 2082 250 2161 pedocie
279 2083 446 2147 interiores
477 2085 552 2147 dicit
586 2081 755 2146 Lucretius
788 2083 947 2160 multoque
978 2084 1116 2147 minores
1132 2082 1175 2165 ¹),

120 2204 221 2269 quare
241 2203 361 2254 summa
382 2206 452 2255 eum
475 2194 566 2255 atteri
585 2192 676 2256 iaude
700 2192 733 2253 in
761 2191 905 2253 versibus
926 2190 989 2253 iliis
1008 2206 1083 2255 vere
1102 2195 1178 2269 poe·

27 2387 30 2397 γ’
119 2293 244 2381 uersi,
268 2295 468 2382 rto-733,
493 2314 625 2378 quorum
649 2301 677 2363 si
700 2300 776 2361 dicit
797 2297 948 2360 extremis
958 2313 972 2362 :-

207 2407 371 2485 „earmina
403 2408 477 2484 quin
506 2397 599 2470 eiiam
628 2408 724 2470 divini
747 2406 883 2483 pectoris
911 2406 980 2468 eius

208 2515 421 2578 vociferantur
448 2518 481 2577 ct
500 2521 662 2593 exponunt
683 2514 844 2592 praeclara
867 2517 1004 2595 reperta,

209 2624 318 2685 utrix
348 2624 483 2686 humana
505 2623 648 2691 rideatur
671 2623 769 2699 stirpe
790 2618 958 2702 creatus‚“
1103 2681 1105 2684 .

119 2732 185 2793 iam
204 2729 235 2792 id
256 2734 375 2807 spectat
395 2731 432 2793 ad
454 2732 612 2809 propriam
634 2727 830 2807 Empedociis
844 2727 1097 2805 ostentationem,
1114 2740 1175 2802 oua

118 2838 198 2901 dicit
221 2852 273 2901 vv.
296 2835 369 2901 355.
393 2836 457 2901 356
480 2835 568 2917 [392.
592 2836 685 2917 3931:
1167 2922 1171 2931 ¹

287 2941 347 3023 ἐγώ
369 2940 500 3025 δ’ὔμμιν
520 2943 600 3018 θεὸς
622 2943 800 3025 ἄμβροτος,
822 2938 928 3005 οὐκέτι
948 2938 1070 3022 θνητός

210 3050 379 3131 πωλεῦμαι
399 3050 481 3131 pcto?
501 3054 787 3131 moerentiumve,
807 3048 914 3132 ὥσπερ
943 3048 1034 3111 ἔοικε.

119 3172 203 3237 quae
224 3163 329 3221 tamen
350 3174 412 3221 non
435 3160 490 3222 tati
511 3160 542 3221 ei
563 3159 640 3223 vitio
662 3163 833 3240 verterem,
856 3155 941 3233 puali
958 3158 1106 3216 auctores
1128 3168 1178 3217 re·

118 3266 280 3331 certiores
310 3281 372 3328 non
395 3268 507 3329 'minus
536 3281 627 3344 quam
658 3270 782 3327 veteres
812 3264 1009 3341 civorium,
1034 3261 1178 3324 sedani·

192 3464 222 3533 1)
239 3464 261 3531 1,
279 3462 338 3517 tad
357 3462 416 3515 735.
451 3464 481 3516 ln
505 3464 620 3517 numeris
648 3476 681 3515 ex
711 3460 836 3517 Lucretio
859 3459 947 3514 dilatis
971 3459 1110 3525 Bernapsii
1133 3472 1179 3509 re·

120 3548 241 3601 concioni
258 3562 325 3600 anno
343 3542 412 3598 1852
429 3544 523 3611 editae,
544 3545 574 3597 in
597 3541 831 3611 Empedocleorum
852 3558 977 3597 nonnum
995 3541 1179 3595 distributione

119 3627 254 3685 Sicinium
279 3644 383 3697 sequar,
410 3629 444 3681 ita
468 3632 555 3681 tamen
580 3629 610 3678 nt
634 3630 659 3677 et
681 3626 807 3678 Karsteni
833 3641 956 3679 numeros
981 3622 1086 3676 aderam
1103 3621 1178 3673 uncis

119 3712 245 3767 inclusos.
915 3725 961 3834 1'*
